@article{watson53,
author = "Watson, James and Crick, Francis",
title = "Molecular structure of nucleic acids",
journal = "Nature",
year = "1953",
number = "4356",
pages = "737-738",
volume = "171",
note = "Notas opcionales"
}